<?xml version='1.0' encoding='utf-8'?>
<record xmlns="http://www.loc.gov/MARC21/slim" xmlns:xsi="http://www.w3.org/2001/XMLSchema-instance">
  <leader>00000npcaa2200313^a^4500</leader>
  <controlfield tag="001">011516818</controlfield>
  <controlfield tag="005">20120511094724.0</controlfield>
  <controlfield tag="008">120503i20102011miu^^^^^^^^^^^^^^^^^pol^d</controlfield>
  <datafield tag="035" ind1=" " ind2=" ">
    <subfield code="a">(OCoLC)793014274</subfield>
  </datafield>
  <datafield tag="035" ind1=" " ind2=" ">
    <subfield code="a">(OCoLC)ocn793014274</subfield>
  </datafield>
  <datafield tag="040" ind1=" " ind2=" ">
    <subfield code="a">BEU</subfield>
    <subfield code="c">BEU</subfield>
    <subfield code="e">dacs</subfield>
  </datafield>
  <datafield tag="049" ind1=" " ind2=" ">
    <subfield code="a">BEUA</subfield>
  </datafield>
  <datafield tag="110" ind1="2" ind2=" ">
    <subfield code="a">Polish American Congress.</subfield>
    <subfield code="b">Ann Arbor Chapter (Mich.)</subfield>
  </datafield>
  <datafield tag="245" ind1="1" ind2="0">
    <subfield code="a">Ann Arbor Polish Americans Oral History Project,</subfield>
    <subfield code="f">2010-2011.</subfield>
  </datafield>
  <datafield tag="300" ind1=" " ind2=" ">
    <subfield code="a">0.2 linear feet.</subfield>
  </datafield>
  <datafield tag="546" ind1=" " ind2=" ">
    <subfield code="a">In Polish.</subfield>
  </datafield>
  <datafield tag="545" ind1="1" ind2=" ">
    <subfield code="a">Ann Arbor Chapter of The Polish American Congress was established in 1970 as an independent Chapter of Michigan Division of the Polish American Congress. The Polish American Congress serves as the umbrella for majority of Polish organizations in the United States and in Michigan. Ann Arbor Chapter's mission is to interact in the community through civic, social, cultural and educational initiatives to promote Polish ancestry and increase other cultures' understanding of Polish people. There are about 60 members and supporters in PAC-Ann Arbor, most of them live or work in Ann Arbor area and other parts of Washtenaw County. The PACAAC works in partnership with several local organizations including the University of Michigan Polish Club, Polish Cultural Fund and Kiwanis Club of Ann Arbor.</subfield>
  </datafield>
  <datafield tag="520" ind1="2" ind2=" ">
    <subfield code="a">"Ann Arbor Polish Americans" is an oral history project conducted by the Polish American Congress Ann Arbor Chapter (PACAAC), a non-profit organization. The project was administered by Malgosia Myc (PACAAC archivist) and is focusing on the PAC Ann Arbor Chapter members. The purpose of these interviews was to capture their immigration experience and to provide the information about the history of the PACAAC since its beginnings and the life of the Polish community in Ann Arbor in general. Some interviews include the memories from the life in Poland (including World War II). Each interview folder consists of a CD (audio), as well as a typed transcript of the interview, signed releases and a photograph/s of an interviewee.</subfield>
  </datafield>
  <datafield tag="506" ind1=" " ind2=" ">
    <subfield code="a">The collection is open for research use.</subfield>
  </datafield>
  <datafield tag="500" ind1=" " ind2=" ">
    <subfield code="a">Donor: 10759</subfield>
  </datafield>
  <datafield tag="584" ind1=" " ind2=" ">
    <subfield code="a">Further accruals are expected.</subfield>
  </datafield>
  <datafield tag="610" ind1="2" ind2="0">
    <subfield code="a">Polish American Congress.</subfield>
    <subfield code="b">Ann Arbor Chapter (Mich.)</subfield>
  </datafield>
  <datafield tag="650" ind1=" " ind2="0">
    <subfield code="a">Polish Americans</subfield>
    <subfield code="z">Michigan</subfield>
    <subfield code="z">Ann Arbor.</subfield>
  </datafield>
  <datafield tag="655" ind1=" " ind2="7">
    <subfield code="a">CD-ROMs.</subfield>
    <subfield code="2">aat</subfield>
  </datafield>
  <datafield tag="655" ind1=" " ind2="7">
    <subfield code="a">Oral histories.</subfield>
    <subfield code="2">aat</subfield>
  </datafield>
  <datafield tag="655" ind1=" " ind2="7">
    <subfield code="a">Photographs.</subfield>
    <subfield code="2">aat</subfield>
  </datafield>
  <datafield tag="852" ind1="8" ind2=" ">
    <subfield code="a">MiU-H</subfield>
    <subfield code="b">BENT</subfield>
    <subfield code="h">2012067 Bd 2</subfield>
  </datafield>
  <datafield tag="997" ind1=" " ind2=" ">
    <subfield code="a">MARS</subfield>
  </datafield>
  <datafield tag="998" ind1=" " ind2=" ">
    <subfield code="c">TEP</subfield>
  </datafield>
  <datafield tag="955" ind1=" " ind2=" ">
    <subfield code="b">BENT</subfield>
    <subfield code="p">B5404176</subfield>
  </datafield>
</record>
